<record><leader>00000cas a22000007a 4500</leader><controlfield tag="001">20118982</controlfield><controlfield tag="008">890803d19721987arucr ne      0    0eng d</controlfield><datafield ind1=" " ind2=" " tag="010"><subfield code="a">sn 89051298 </subfield></datafield><datafield ind1=" " ind2=" " tag="040"><subfield code="a">ANU</subfield><subfield code="b">eng</subfield><subfield code="c">ANU</subfield><subfield code="d">OCLCQ</subfield></datafield><datafield ind1=" " ind2=" " tag="042"><subfield code="a">msc</subfield></datafield><datafield ind1="0" ind2="4" tag="245"><subfield code="a">The Carroll County tribune.</subfield></datafield><datafield ind1=" " ind2=" " tag="260"><subfield code="a">Carroll County, Ark. :</subfield><subfield code="b">T.E. Larimer</subfield></datafield><datafield ind1=" " ind2=" " tag="300"><subfield code="a">v.</subfield></datafield><datafield ind1=" " ind2=" " tag="310"><subfield code="a">Semiweekly,</subfield><subfield code="b">Apr. 11, 1973-July 22, 1987</subfield></datafield><datafield ind1=" " ind2=" " tag="321"><subfield code="a">Weekly,</subfield><subfield code="b">May 4, 1972-Apr. 5, 1973</subfield></datafield><datafield ind1="0" ind2=" " tag="362"><subfield code="a">Vol. 84, no. 34 (May 4, 1972)-v. 97, no. 66 (July 22, 1987).</subfield></datafield><datafield ind1=" " ind2=" " tag="515"><subfield code="a">Vol. 83, no. 34-v. 84, no. 33 not published.</subfield></datafield><datafield ind1=" " ind2=" " tag="515"><subfield code="a">Numbering irregular.</subfield></datafield><datafield ind1=" " ind2=" " tag="752"><subfield code="a">United States</subfield><subfield code="b">Arkansas</subfield><subfield code="c">Carroll</subfield><subfield code="d">Green Forest.</subfield></datafield><datafield ind1="0" ind2="0" tag="780"><subfield code="t">Tribune (Green Forest, Ark. : 1971)</subfield><subfield code="w">(DLC)sn 89051299</subfield></datafield><datafield ind1="0" ind2="0" tag="785"><subfield code="t">Tribune (Green Forest, Ark. : 1987)</subfield><subfield code="w">(DLC)sn 89051295</subfield></datafield></record>